
@misc{MSUI1,
   author = "Microsoft",
   title = "{UI Automation (Windows)}",
   howpublished =
   "{\url{http://msdn.microsoft.com/en-us/library/windows/desktop/ee684009}}",
   note = "{Accessed: 9/1/2013}"
}

@misc{MSUI2,
   author = "Microsoft",
   title = "{Microsoft Active Accessibility and UI Automation Compared (Windows)}",
   howpublished =
   "{\url{http://msdn.microsoft.com/en-us/library/windows/desktop/dd561918}}",
   note = "{Accessed: 9/1/2013}"
}

@misc{MSUI3,
   author = "Microsoft",
   title = "{UI Automation Clients Overview (Windows)}",
   howpublished =
   "{\url{http://msdn.microsoft.com/en-us/library/windows/desktop/ff625909}}",
   note = "{Accessed: 9/1/2013}"
}

@misc{MSUI4,
   author = "Microsoft",
   title = "{Subscribing to UI Automation Events (Windows)}",
   howpublished =
   "{\url{http://msdn.microsoft.com/en-us/library/windows/desktop/ee671220}}",
   note = "{Accessed: 9/1/2013}"
}

@misc{MSUI5,
   author = "Microsoft",
   title = "{Caching UI Automation Properties and Control Patterns (Windows)}",
   howpublished =
   "{\url{http://msdn.microsoft.com/en-us/library/windows/desktop/ee684019}}",
   note = "{Accessed: 9/1/2013}"
}

@misc{MShooks1,
   author = "Microsoft",
   title = "{Hooks (Windows)}",
   howpublished =
   "{\url{http://msdn.microsoft.com/en-us/library/windows/desktop/ms632589}}",
   note = "{Accessed: later}"
}

@misc{cppcheck,
   author = "dummy",
   title = "{Hooks (Windows)}",
   howpublished =
   "{\url{http://msdn.microsoft.com/en-us/library/windows/desktop/ms632589}}",
   note = "{Accessed: later}"
}


@misc{psake,
   author = "dummy",
   title = "{Hooks (Windows)}",
   howpublished =
   "{\url{http://msdn.microsoft.com/en-us/library/windows/desktop/ms632589}}",
   note = "{Accessed: later}"
}
% This file was created with JabRef 2.6.
% Encoding: Cp1252

@ARTICLE{Askvall1985,
  author = {S. Askvall},
  title = {Computer supported reading vs. reading text on paper: A comparison
	of two reading situasions},
  journal = {International Journal on Man-Machine Studies},
  year = {1985},
  volume = {4},
  pages = {425-439},
  number = {22}
}

@BOOK{Card1983,
  title = {The psychology of human-computer interaction},
  publisher = {Erlbaum},
  year = {1983},
  author = {S. K. Card and T. P. Moran and A. Newell}
}

@MISC{HiG:Website,
  author = {HiG},
  title = {HiG Website},
  howpublished = {\url{http://www.hig.no}},
  year = {2010}
}

@INPROCEEDINGS{Lancaster1985,
  author = {F. W. Lancaster and A. Warner},
  title = {Electronic publication and its impact on the presentation of information},
  booktitle = {The technology of text: Principles for structuring, designing, and
	displaying text},
  year = {1985},
  editor = {D. H. Jonassen},
  pages = {292-309},
  publisher = {Educational Technology Publications}
}

@MISC{Meldon1997,
  author = {W. Meldon},
  title = {Reading from the web},
  howpublished = {\url{http://www.mit.edu/compsci/humanfactors/report9734.html}},
  year = {1997},
  note = {(Visited Nov. 2000)}
}

@MISC{BallBouncer,
  author = {Jana Sieber},
  title = {Ballbouncer},
  howpublished = {web},
  month = {March},
  year = {2009},
  owner = {simonm},
  timestamp = {2010.05.18}
}

@MISC{GUCMaster,
  title = {Directions for the Master's Thesis at the {D}epartment of {C}omputer
	{S}cience and {M}edia {T}echnology, {G}jøvik {U}niversity {C}ollege},
  howpublished = {http://www.hi.gno/imt/index.php?id=205},
  note = {(Visited March 2005)}
}

@CONFERENCE{,
  owner = {simonm},
  timestamp = {2010.05.18}
}

@article{OpenidOpenstack,
	author = "Rasib H. Khanl, Abu Shohel Ahmed and Jukka Ylitalo",
	title = "Service Oriented Integration of OpenID Authentication in OpenStack",
	journal = "Information Assurance and Security",
	volume = "7",	
	year = "2012",
	pages = "1-8"
}

@Misc{Scrum,
author = {Open Source},
title = {Scrum},
howpublished = “\url{http://de.wikipedia.org/wiki/Scrum}”,
note = {Online; Edited 25. Januar 2013}
}

@Misc{Omfeide,
author = {Uninett},
title = {Bakgrunn},
howpublished = “\url{http://www.feide.no/om-feide}”,
note = {Online; Viewed 11. februar 2013}
}

@Misc{imt3292,
title = {Systemadministrasjon},
howpublished = “\url{http://www.hig.no/content/view/full/25621/language/nor-NO}”,
note = {Online; Version 2012 - 2013}
}

@Misc{imt3491,
title = {Ethical hacking and penetration},
howpublished = “\url{http://www.hig.no/content/view/full/25660/language/nor-NO}”,
note = {Online; Version 2012 - 2013}
}

@Misc{imt3441,
title = {Database- og applikasjonsdrift},
howpublished = “\url{http://www.hig.no/content/view/full/25638/language/nor-NO}”,
note = {Online; Version 2012 - 2013}
}

@Misc{kravmal,
title = {Tips til god kravspesifikasjon},
howpublished = “\url{https://www.nettredaktor.no/web-produksjon/kravspesifikasjon/}”,
note = {Online; Viewed 13. februar 2013}
}

